<?xml version="1.0" encoding="UTF-8"?><record xmlns="http://www.loc.gov/MARC21/slim" xmlns:cinclude="http://apache.org/cocoon/include/1.0" xmlns:zs="http://www.loc.gov/zing/srw/">
  <leader>00628nz  a2200193n  4500</leader>
  <controlfield tag="001">nb2013005425</controlfield>
  <controlfield tag="003">DLC</controlfield>
  <controlfield tag="005">20130317074914.0</controlfield>
  <controlfield tag="008">130315n| azannaabn          |n ana      </controlfield>
  <datafield tag="010" ind1=" " ind2=" ">
    <subfield code="a">nb2013005425</subfield>
  </datafield>
  <datafield tag="035" ind1=" " ind2=" ">
    <subfield code="a">(Uk)008703665</subfield>
  </datafield>
  <datafield tag="040" ind1=" " ind2=" ">
    <subfield code="a">Uk</subfield>
    <subfield code="b">eng</subfield>
    <subfield code="e">rda</subfield>
    <subfield code="c">Uk</subfield>
  </datafield>
  <datafield tag="046" ind1=" " ind2=" ">
    <subfield code="s">20101029</subfield>
    <subfield code="t">20101030</subfield>
  </datafield>
  <datafield tag="111" ind1="2" ind2=" ">
    <subfield code="a">Internationales [mu]-Symposium Bremsen-Fachtagung</subfield>
    <subfield code="n">(29th :</subfield>
    <subfield code="d">2010 :</subfield>
    <subfield code="c">Bad Neuenahr, Germany)</subfield>
  </datafield>
  <datafield tag="368" ind1=" " ind2=" ">
    <subfield code="a">Congresses and conventions</subfield>
    <subfield code="2">lcsh</subfield>
  </datafield>
  <datafield tag="370" ind1=" " ind2=" ">
    <subfield code="e">Bad Neuenahr, Germany</subfield>
  </datafield>
  <datafield tag="372" ind1=" " ind2=" ">
    <subfield code="a">Brakes</subfield>
    <subfield code="2">lcsh</subfield>
  </datafield>
  <datafield tag="377" ind1=" " ind2=" ">
    <subfield code="a">ger</subfield>
  </datafield>
  <datafield tag="670" ind1=" " ind2=" ">
    <subfield code="a">XXIX. Internationales mu-Symposium, 2010:</subfield>
    <subfield code="b">t.p. (29 - 30 October 2010, Bad Neuenahr/Germany)</subfield>
  </datafield>
</record>